% Encoding: UTF-8

@Article{Zheng2014,
  author    = {Y.F. Zheng and X.N. Gu and F. Witte},
  title     = {Biodegradable metals},
  journal   = {Materials Science and Engineering: R: Reports},
  year      = {2014},
  volume    = {77},
  pages     = {1--34},
  month     = {mar},
  doi       = {10.1016/j.mser.2014.01.001},
  publisher = {Elsevier {BV}},
}

@Article{Liu2019,
  author    = {Yang Liu and Yufeng Zheng and Xie-Hui Chen and Jian-An Yang and Haobo Pan and Dafu Chen and Luning Wang and Jialiang Zhang and Donghui Zhu and Shuilin Wu and Kelvin Wai Kwok Yeung and Rong-Chang Zeng and Yong Han and Shaokang Guan},
  title     = {Fundamental Theory of Biodegradable Metals{\textemdash}Definition, Criteria, and Design},
  journal   = {Advanced Functional Materials},
  year      = {2019},
  volume    = {29},
  number    = {18},
  pages     = {1805402},
  month     = {feb},
  doi       = {10.1002/adfm.201805402},
  publisher = {Wiley},
}

@Article{Zhao2017,
  author    = {Dewei Zhao and Frank Witte and Faqiang Lu and Jiali Wang and Junlei Li and Ling Qin},
  title     = {Current status on clinical applications of magnesium-based orthopaedic implants: A review from clinical translational perspective},
  journal   = {Biomaterials},
  year      = {2017},
  volume    = {112},
  pages     = {287--302},
  month     = {jan},
  doi       = {10.1016/j.biomaterials.2016.10.017},
  publisher = {Elsevier {BV}},
}

@Article{Zhen2013,
  author    = {Zhen ZHEN and Ting-fei XI and Yu-feng ZHENG},
  title     = {A review on in vitro corrosion performance test of biodegradable metallic materials},
  journal   = {Transactions of Nonferrous Metals Society of China},
  year      = {2013},
  volume    = {23},
  number    = {8},
  pages     = {2283--2293},
  month     = {aug},
  doi       = {10.1016/s1003-6326(13)62730-2},
  publisher = {Elsevier {BV}},
}

@Article{Esmaily2017,
  author    = {M. Esmaily and J.E. Svensson and S. Fajardo and N. Birbilis and G.S. Frankel and S. Virtanen and R. Arrabal and S. Thomas and L.G. Johansson},
  title     = {Fundamentals and advances in magnesium alloy corrosion},
  journal   = {Progress in Materials Science},
  year      = {2017},
  volume    = {89},
  pages     = {92--193},
  month     = {aug},
  doi       = {10.1016/j.pmatsci.2017.04.011},
  publisher = {Elsevier {BV}},
}

@Article{Willumeit-Roemer2019,
  author    = {Regine Willumeit-Römer},
  title     = {The Interface Between Degradable Mg and Tissue},
  journal   = {{JOM}},
  year      = {2019},
  volume    = {71},
  number    = {4},
  pages     = {1447--1455},
  month     = {feb},
  doi       = {10.1007/s11837-019-03368-0},
  publisher = {Springer Science and Business Media {LLC}},
}

@Article{Venezuela2019,
  author    = {J. Venezuela and M.S. Dargusch},
  title     = {The influence of alloying and fabrication techniques on the mechanical properties, biodegradability and biocompatibility of zinc: A comprehensive review},
  journal   = {Acta Biomaterialia},
  year      = {2019},
  volume    = {87},
  pages     = {1--40},
  month     = {mar},
  doi       = {10.1016/j.actbio.2019.01.035},
  publisher = {Elsevier {BV}},
}

@Article{Mostaed2018,
  author    = {Ehsan Mostaed and Malgorzata Sikora-Jasinska and Jaroslaw W. Drelich and Maurizio Vedani},
  title     = {Zinc-based alloys for degradable vascular stent applications},
  journal   = {Acta Biomaterialia},
  year      = {2018},
  volume    = {71},
  pages     = {1--23},
  month     = {apr},
  doi       = {10.1016/j.actbio.2018.03.005},
  publisher = {Elsevier {BV}},
}

@Article{Han2019,
  author    = {Hyung-Seop Han and Sergio Loffredo and Indong Jun and James Edwards and Yu-Chan Kim and Hyun-Kwang Seok and Frank Witte and Diego Mantovani and Sion Glyn-Jones},
  title     = {Current status and outlook on the clinical translation of biodegradable metals},
  journal   = {Materials Today},
  year      = {2019},
  volume    = {23},
  pages     = {57--71},
  month     = {mar},
  doi       = {10.1016/j.mattod.2018.05.018},
  publisher = {Elsevier {BV}},
}

@Article{Schinhammer2010,
  author    = {Michael Schinhammer and Anja C. Hänzi and Jörg F. Löffler and Peter J. Uggowitzer},
  title     = {Design strategy for biodegradable Fe-based alloys for medical applications},
  journal   = {Acta Biomaterialia},
  year      = {2010},
  volume    = {6},
  number    = {5},
  pages     = {1705--1713},
  month     = {may},
  doi       = {10.1016/j.actbio.2009.07.039},
  publisher = {Elsevier {BV}},
}

@Article{Mei2020,
  author    = {Di Mei and Sviatlana V. Lamaka and Xiaopeng Lu and Mikhail L. Zheludkevich},
  title     = {Selecting medium for corrosion testing of bioabsorbable magnesium and other metals {\textendash} A critical review},
  journal   = {Corrosion Science},
  year      = {2020},
  volume    = {171},
  pages     = {108722},
  month     = {jul},
  doi       = {10.1016/j.corsci.2020.108722},
  publisher = {Elsevier {BV}},
}

@Article{Mei2019,
  author    = {Di Mei and Sviatlana V. Lamaka and Jorge Gonzalez and Frank Feyerabend and Regine Willumeit-Römer and Mikhail L. Zheludkevich},
  title     = {The role of individual components of simulated body fluid on the corrosion behavior of commercially pure Mg},
  journal   = {Corrosion Science},
  year      = {2019},
  volume    = {147},
  pages     = {81--93},
  month     = {feb},
  doi       = {10.1016/j.corsci.2018.11.011},
  publisher = {Elsevier {BV}},
}

@Article{Zeng2014,
  author    = {Rong-Chang Zeng and Yan Hu and Shao-Kang Guan and Hong-Zhi Cui and En-Hou Han},
  title     = {Corrosion of magnesium alloy {AZ}31: The influence of bicarbonate, sulphate, hydrogen phosphate and dihydrogen phosphate ions in saline solution},
  journal   = {Corrosion Science},
  year      = {2014},
  volume    = {86},
  pages     = {171--182},
  month     = {sep},
  doi       = {10.1016/j.corsci.2014.05.006},
  publisher = {Elsevier {BV}},
}

@Article{Johnston2017,
  author    = {Sean Johnston and Matthew Dargusch and Andrej Atrens},
  title     = {Building towards a standardised approach to biocorrosion studies: a review of factors influencing Mg corrosion in vitro pertinent to in vivo corrosion},
  journal   = {Science China Materials},
  year      = {2017},
  volume    = {61},
  number    = {4},
  pages     = {475--500},
  month     = {dec},
  doi       = {10.1007/s40843-017-9173-7},
  publisher = {Springer Science and Business Media {LLC}},
}

@Article{Lamaka2018,
  author    = {Sviatlana V. Lamaka and Jorge Gonzalez and Di Mei and Frank Feyerabend and Regine Willumeit-Römer and Mikhail L. Zheludkevich},
  title     = {Local {pH} and Its Evolution Near Mg Alloy Surfaces Exposed to Simulated Body Fluids},
  journal   = {Advanced Materials Interfaces},
  year      = {2018},
  volume    = {5},
  number    = {18},
  pages     = {1800169},
  month     = {jun},
  doi       = {10.1002/admi.201800169},
  publisher = {Wiley},
}

@Article{Mei2019a,
  author    = {Di Mei and Sviatlana V. Lamaka and Christian Feiler and Mikhail L. Zheludkevich},
  title     = {The effect of small-molecule bio-relevant organic components at low concentration on the corrosion of commercially pure Mg and Mg-0.8Ca alloy: An overall perspective},
  journal   = {Corrosion Science},
  year      = {2019},
  volume    = {153},
  pages     = {258--271},
  month     = {jun},
  doi       = {10.1016/j.corsci.2019.03.039},
  publisher = {Elsevier {BV}},
}

@Article{Hadzima2014,
  author    = {Branislav Hadzima and Mansour Mhaede and Filip Pastorek},
  title     = {Electrochemical characteristics of calcium-phosphatized {AZ}31 magnesium alloy in 0.9~{\%} {NaCl} solution},
  journal   = {Journal of Materials Science: Materials in Medicine},
  year      = {2014},
  volume    = {25},
  number    = {5},
  pages     = {1227--1237},
  month     = {jan},
  doi       = {10.1007/s10856-014-5161-0},
  publisher = {Springer Science and Business Media {LLC}},
}

@Article{Lu2019,
  author    = {Xiaopeng Lu and Yan Li and Pengfei Ju and Yan Chen and Jingshuai Yang and Kun Qian and Tao Zhang and Fuhui Wang},
  title     = {Unveiling the inhibition mechanism of an effective inhibitor for {AZ}91 Mg alloy},
  journal   = {Corrosion Science},
  year      = {2019},
  volume    = {148},
  pages     = {264--271},
  month     = {mar},
  doi       = {10.1016/j.corsci.2018.12.025},
  publisher = {Elsevier {BV}},
}

@Article{Li2020,
  author    = {Yan Li and Xiaopeng Lu and Kexin Wu and Lei Yang and Tao Zhang and Fuhui Wang},
  title     = {Exploration the inhibition mechanism of sodium dodecyl sulfate on Mg alloy},
  journal   = {Corrosion Science},
  year      = {2020},
  volume    = {168},
  pages     = {108559},
  month     = {may},
  doi       = {10.1016/j.corsci.2020.108559},
  publisher = {Elsevier {BV}},
}

@Article{Atrens2015,
  author    = {Andrej Atrens and Guang-Ling Song and Ming Liu and Zhiming Shi and Fuyong Cao and Matthew S. Dargusch},
  title     = {Review of Recent Developments in the Field of Magnesium Corrosion},
  journal   = {Advanced Engineering Materials},
  year      = {2015},
  volume    = {17},
  number    = {4},
  pages     = {400--453},
  month     = {jan},
  doi       = {10.1002/adem.201400434},
  publisher = {Wiley},
}

@Article{Xue2012,
  author    = {Dingchuan Xue and Yeoheung Yun and Zongqing Tan and Zhongyun Dong and Mark J. Schulz},
  title     = {In Vivo and In Vitro Degradation Behavior of Magnesium Alloys as Biomaterials},
  journal   = {Journal of Materials Science {\&} Technology},
  year      = {2012},
  volume    = {28},
  number    = {3},
  pages     = {261--267},
  month     = {mar},
  doi       = {10.1016/s1005-0302(12)60051-6},
  publisher = {Elsevier {BV}},
}

@Article{Schille2011,
  author    = {Ch. Schille and M. Braun and H.P. Wendel and L. Scheideler and N. Hort and H.-P. Reichel and E. Schweizer and J. Geis-Gerstorfer},
  title     = {Corrosion of experimental magnesium alloys in blood and {PBS}: A gravimetric and microscopic evaluation},
  journal   = {Materials Science and Engineering: B},
  year      = {2011},
  volume    = {176},
  number    = {20},
  pages     = {1797--1801},
  month     = {dec},
  doi       = {10.1016/j.mseb.2011.04.007},
  publisher = {Elsevier {BV}},
}

@Article{Xin2011,
  author    = {Yunchang Xin and Tao Hu and Paul K. Chu},
  title     = {Degradation behaviour of pure magnesium in simulated body fluids with different concentrations of HCO3},
  journal   = {Corrosion Science},
  year      = {2011},
  volume    = {53},
  number    = {4},
  pages     = {1522--1528},
  month     = {apr},
  doi       = {10.1016/j.corsci.2011.01.015},
  publisher = {Elsevier {BV}},
}

@Article{Agha2016,
  author    = {Nezha Ahmad Agha and Frank Feyerabend and Boriana Mihailova and Stefanie Heidrich and Ulrich Bismayer and Regine Willumeit-Römer},
  title     = {Magnesium degradation influenced by buffering salts in concentrations typical of in vitro and in vivo models},
  journal   = {Materials Science and Engineering: C},
  year      = {2016},
  volume    = {58},
  pages     = {817--825},
  month     = {jan},
  doi       = {10.1016/j.msec.2015.09.067},
  publisher = {Elsevier {BV}},
}

@Article{Cui2017,
  author    = {Lan-Yue Cui and Yan Hu and Rong-Chang Zeng and Yong-Xin Yang and Dan-Dan Sun and Shuo-Qi Li and Fen Zhang and En-Hou Han},
  title     = {New insights into the effect of Tris-{HCl} and Tris on corrosion of magnesium alloy in presence of bicarbonate, sulfate, hydrogen phosphate and dihydrogen phosphate ions},
  journal   = {Journal of Materials Science {\&} Technology},
  year      = {2017},
  volume    = {33},
  number    = {9},
  pages     = {971--986},
  month     = {sep},
  doi       = {10.1016/j.jmst.2017.01.005},
  publisher = {Elsevier {BV}},
}

@Article{Kannan2017,
  author    = {M. Bobby Kannan and Hadis Khakbaz and A. Yamamoto},
  title     = {Understanding the influence of {HEPES} buffer concentration on the biodegradation of pure magnesium: An electrochemical study},
  journal   = {Materials Chemistry and Physics},
  year      = {2017},
  volume    = {197},
  pages     = {47--56},
  month     = {aug},
  doi       = {10.1016/j.matchemphys.2017.05.024},
  publisher = {Elsevier {BV}},
}

@Article{Song2009,
  author    = {Yingwei Song and Dayong Shan and Rongshi Chen and Fan Zhang and En-Hou Han},
  title     = {Biodegradable behaviors of {AZ}31 magnesium alloy in simulated body fluid},
  journal   = {Materials Science and Engineering: C},
  year      = {2009},
  volume    = {29},
  number    = {3},
  pages     = {1039--1045},
  month     = {apr},
  doi       = {10.1016/j.msec.2008.08.026},
  publisher = {Elsevier {BV}},
}

@Article{Silva2018,
  author    = {Eduardo L. Silva and Sviatlana V. Lamaka and Di Mei and Mikhail L. Zheludkevich},
  title     = {The Reduction of Dissolved Oxygen During Magnesium Corrosion},
  journal   = {{ChemistryOpen}},
  year      = {2018},
  volume    = {7},
  number    = {8},
  pages     = {664--668},
  month     = {aug},
  doi       = {10.1002/open.201800076},
  publisher = {Wiley},
}

@Article{Jiang2019,
  author    = {Pingli Jiang and Carsten Blawert and Nico Scharnagl and Mikhail L. Zheludkevich},
  title     = {Influence of water purity on the corrosion behavior of Mg0.5ZnX (X=Ca, Ge) alloys},
  journal   = {Corrosion Science},
  year      = {2019},
  volume    = {153},
  pages     = {62--73},
  month     = {jun},
  doi       = {10.1016/j.corsci.2019.03.044},
  publisher = {Elsevier {BV}},
}

@Article{Mei2021,
  author    = {Di Mei and Cheng Wang and Sviatlana V. Lamaka and Mikhail L. Zheludkevich},
  title     = {Clarifying the influence of albumin on the initial stages of magnesium corrosion in Hank's balanced salt solution},
  journal   = {Journal of Magnesium and Alloys},
  year      = {2021},
  volume    = {9},
  number    = {3},
  pages     = {805--817},
  month     = {may},
  doi       = {10.1016/j.jma.2020.07.002},
  publisher = {Elsevier {BV}},
}

@Article{Wang2020,
  author    = {Cheng Wang and Di Mei and Gert Wiese and Linqian Wang and Min Deng and Sviatlana V. Lamaka and Mikhail L. Zheludkevich},
  title     = {High rate oxygen reduction reaction during corrosion of ultra-high-purity magnesium},
  journal   = {npj Materials Degradation},
  year      = {2020},
  volume    = {4},
  number    = {1},
  month     = {dec},
  doi       = {10.1038/s41529-020-00146-1},
  publisher = {Springer Science and Business Media {LLC}},
}

@Article{Johnston2015,
  author    = {Sean Johnston and Zhiming Shi and Andrej Atrens},
  title     = {The influence of {pH} on the corrosion rate of high-purity Mg, {AZ}91 and {ZE}41 in bicarbonate buffered Hanks' solution},
  journal   = {Corrosion Science},
  year      = {2015},
  volume    = {101},
  pages     = {182--192},
  month     = {dec},
  doi       = {10.1016/j.corsci.2015.09.018},
  publisher = {Elsevier {BV}},
}

@Article{Johnston2019,
  author    = {Sean Johnston and Zhiming Shi and Jeffrey Venezuela and Cuie Wen and Matthew S. Dargusch and Andrej Atrens},
  title     = {Investigating Mg Biocorrosion In Vitro: Lessons Learned and Recommendations},
  journal   = {{JOM}},
  year      = {2019},
  volume    = {71},
  number    = {4},
  pages     = {1406--1413},
  month     = {jan},
  doi       = {10.1007/s11837-019-03327-9},
  publisher = {Springer Science and Business Media {LLC}},
}

@Article{Heublein2003,
  author    = {B Heublein},
  title     = {Biocorrosion of magnesium alloys: a new principle in cardiovascular implant technology?},
  journal   = {Heart},
  year      = {2003},
  volume    = {89},
  number    = {6},
  pages     = {651--656},
  month     = {jun},
  doi       = {10.1136/heart.89.6.651},
  publisher = {{BMJ}},
}

@Article{Staiger2006,
  author    = {Mark P. Staiger and Alexis M. Pietak and Jerawala Huadmai and George Dias},
  title     = {Magnesium and its alloys as orthopedic biomaterials: A review},
  journal   = {Biomaterials},
  year      = {2006},
  volume    = {27},
  number    = {9},
  pages     = {1728--1734},
  month     = {mar},
  doi       = {10.1016/j.biomaterials.2005.10.003},
  publisher = {Elsevier {BV}},
}

@Article{Walker2014,
  author    = {Jemimah Walker and Shaylin Shadanbaz and Timothy B. F. Woodfield and Mark P. Staiger and George J. Dias},
  title     = {Magnesium biomaterials for orthopedic application: A review from a biological perspective},
  journal   = {Journal of Biomedical Materials Research Part B: Applied Biomaterials},
  year      = {2014},
  volume    = {102},
  number    = {6},
  pages     = {1316--1331},
  month     = {jan},
  doi       = {10.1002/jbm.b.33113},
  publisher = {Wiley},
}

@Article{Cecchinato2015,
  author    = {Francesca Cecchinato and Nezha Ahmad Agha and Adela Helvia Martinez-Sanchez and Berengere Julie Christine Luthringer and Frank Feyerabend and Ryo Jimbo and Regine Willumeit-Römer and Ann Wennerberg},
  title     = {Influence of Magnesium Alloy Degradation on Undifferentiated Human Cells},
  journal   = {{PLOS} {ONE}},
  year      = {2015},
  volume    = {10},
  number    = {11},
  pages     = {e0142117},
  month     = {nov},
  doi       = {10.1371/journal.pone.0142117},
  editor    = {Donghui Zhu},
  publisher = {Public Library of Science ({PLoS})},
}

@Comment{jabref-meta: databaseType:bibtex;}
